<?xml version="1.0" encoding="UTF-8"?><record xmlns="http://www.loc.gov/MARC21/slim" xmlns:cinclude="http://apache.org/cocoon/include/1.0" xmlns:zs="http://www.loc.gov/zing/srw/">
  <leader>00494cz  a2200157n  4500</leader>
  <controlfield tag="001">n 2004032274</controlfield>
  <controlfield tag="003">DLC</controlfield>
  <controlfield tag="005">20130322082324.0</controlfield>
  <controlfield tag="008">040726n| azannaabn          |a aaa      </controlfield>
  <datafield tag="010" ind1=" " ind2=" ">
    <subfield code="a">n 2004032274</subfield>
  </datafield>
  <datafield tag="040" ind1=" " ind2=" ">
    <subfield code="a">DLC</subfield>
    <subfield code="b">eng</subfield>
    <subfield code="e">rda</subfield>
    <subfield code="c">DLC</subfield>
    <subfield code="d">DLC</subfield>
  </datafield>
  <datafield tag="046" ind1=" " ind2=" ">
    <subfield code="g">1945</subfield>
  </datafield>
  <datafield tag="100" ind1="1" ind2=" ">
    <subfield code="a">Nunnemacher, Jacob,</subfield>
    <subfield code="d">-1945</subfield>
  </datafield>
  <datafield tag="400" ind1="1" ind2=" ">
    <subfield code="w">nnea</subfield>
    <subfield code="a">Nunnemacher, Jacob,</subfield>
    <subfield code="d">d. 1945</subfield>
  </datafield>
  <datafield tag="400" ind1="1" ind2=" ">
    <subfield code="a">Nunnemacher, Jake,</subfield>
    <subfield code="d">-1945</subfield>
  </datafield>
  <datafield tag="670" ind1=" " ind2=" ">
    <subfield code="a">Sanders, Charles J. The boys of winter, 2004:</subfield>
    <subfield code="b">CIP galley (Jacob Nunnemacher; Jake; d. April 14, 1945)</subfield>
  </datafield>
</record>